@InProceedings{jj-ppsn98anonymous,
  author = 	 "Anonymous Authors",
  title = 	 {Anonymous Title},
  editors ={},
  booktitle = 	 {Anonymous Book Title},
  year =	 1998
}

@inproceedings{DBLP:conf/gecco/GuervosG15anonymous,
	author    = {Anonymous Authors},
	title     = {Anonymous Title},
	booktitle = {Anonymous Book Title},
	year      = {2015}
}

@article{DBLP:journals/grid/ValdezTGVO15anonymous,
	author    = {Anonymous Authors},
	title     = {Anonymous Title},
	journal = {Anonymous Journal},
	year      = {2015}
}